@inproceedings{WoB2014,
    author      = {W\"{o}\ss, Andreas and Wirth, Christian and Bonetta, Daniele and Seaton, Chris and Humer, Christian and M\"{o}ssenb\"{o}ck, Hanspeter},
    title       = {An Object Storage Model for the Truffle Language Implementation Framework},
    booktitle   = {Proceedings of the 2014 International Conference on Principles and Practices of Programming on the Java Platform: Virtual Machines, Languages, and Tools},
    series      = {PPPJ '14},
    year        = {2014},
    Xisbn       = {978-1-4503-2926-2},
    Xlocation   = {Cracow, Poland},
    pages       = {133--144},
    Xnumpages   = {12},
    Xurl        = {http://doi.acm.org/10.1145/2647508.2647517},
    Xdoi        = {10.1145/2647508.2647517},
    Xacmid      = {2647517},
    Xpublisher  = {ACM},
    Xaddress    = {New York, NY, USA},
    Xkeywords   = {Java, JavaScript, Ruby, Truffle, dynamic languages, language implementation, optimization, virtual machine},
} 
