@book{Madsen1993,
    Author     = {Lehrmann Madsen, Ole and Birger M{\o}ller-Pedersen and Kristen Nygaard},
    Publisher  = {Addison-Wesley},
    Title      = {Object-Oriented Programming in the {BETA} Programming Language},
    Year       = {1993}
}

@inproceedings{Ernst2001,
    Author    = {Erik Ernst},
    Booktitle = {{ECOOP}},
    Title     = {Family Polymorphism},
    Year      = 2001
}

@book{Odersky2011,
    Author    = {Martin Odersky and Lex Spoon and Bill Venners},
    Publisher = {{artima}},
    Title     = {Programming In Scala},
    Year      = 2011
}
