@inproceedings{Black2012,
    Author    = {Andrew P. Black and Kim B. Bruce and Michael Homer and James Noble},
    Booktitle = {{Onward!}},
    Pages     = {85-98},
    Title     = {{Grace:} the absence of (inessential) difficulty},
    Year      = {2012}
}

@inbook{Homer2014,
    author    = {Homer, Michael and Jones, Timothy and Noble, James and Bruce, Kim B. and Black, Andrew P.},
    editor    = {Jones, Richard},
    title     = {Graceful Dialects},
    bookTitle = {ECOOP 2014 -- Object-Oriented Programming: 28th European Conference, Uppsala, Sweden, July 28 -- August 1, 2014. Proceedings},
    year      = {2014},
    publisher = {Springer Berlin Heidelberg},
    address   = {Berlin, Heidelberg},
    pages     = {131--156},
    isbn      = {978-3-662-44202-9},
    doi       = {10.1007/978-3-662-44202-9_6},
    url       = {http://dx.doi.org/10.1007/978-3-662-44202-9_}
}

@inproceedings{Homer2015,
    author    = {Michael Homer and Timothy Jones and James Noble},
    title     = {From {APIs} to languages: generalising method names},
    booktitle = {Dynamic Languages Symposium, {(DLS)}},
    pages     = {1--12},
    year      = {2015},
    crossref  = {DBLP:conf/dls/2015},
    url       = {http://doi.acm.org/10.1145/2816707.2816708},
    doi       = {10.1145/2816707.2816708},
    timestamp = {Tue, 22 Dec 2015 07:56:02 +0100},
    biburl    = {http://dblp2.uni-trier.de/rec/bib/conf/dls/HomerJN15},
    bibsource = {dblp computer science bibliography, http://dblp.org}
}

@inproceedings{Jones2016,
    author    = {Timothy Jones and Michael Homer and James Noble and Kim Bruce},
    title     = {{Object Inheritance Without Classes}},
    booktitle = {30th European Conference on Object-Oriented Programming (ECOOP 2016)},
    pages     = {13:1--13:26},
    series    = {Leibniz International Proceedings in Informatics (LIPIcs)},
    ISBN      = {978-3-95977-014-9},
    ISSN      = {1868-8969},
    year      = {2016},
    volume    = {56},
    editor    = {Shriram Krishnamurthi and Benjamin S. Lerner},
    publisher = {Schloss Dagstuhl--Leibniz-Zentrum fuer Informatik},
    address   = {Dagstuhl, Germany},
    URL       = {http://drops.dagstuhl.de/opus/volltexte/2016/6107},
    URN       = {urn:nbn:de:0030-drops-61077},
    doi       = {http://dx.doi.org/10.4230/LIPIcs.ECOOP.2016.13},
    annote    = {Keywords: Inheritance, Objects, Classes, Operational semantics}
}
