
@article{Wurthinger2012,
    author = {W\"{u}rthinger, Thomas and W\"{o}\ss, Andreas and Stadler, Lukas and Duboscq, Gilles and Simon, Doug and Wimmer, Christian},
    title = {Self-optimizing AST Interpreters},
    journal = {SIGPLAN Not.},
    issue_date = {February 2013},
    volume = {48},
    number = {2},
    month = oct,
    year = {2012},
    issn = {0362-1340},
    pages = {73--82},
    numpages = {10},
    url = {http://doi.acm.org/10.1145/2480360.2384587},
    doi = {10.1145/2480360.2384587},
    acmid = {2384587},
    publisher = {ACM},
    address = {New York, NY, USA},
    keywords = {dynamic languages, java, javascript, language implementation, optimization, virtual machine},
} 


@inproceedings{WoB2014,
    author = {W\"{o}\ss, Andreas and Wirth, Christian and Bonetta, Daniele and Seaton, Chris and Humer, Christian and M\"{o}ssenb\"{o}ck, Hanspeter},
    title = {An Object Storage Model for the Truffle Language Implementation Framework},
    booktitle = {Proceedings of the 2014 International Conference on Principles and Practices of Programming on the Java Platform: Virtual Machines, Languages, and Tools},
    series = {PPPJ '14},
    year = {2014},
    isbn = {978-1-4503-2926-2},
    location = {Cracow, Poland},
    pages = {133--144},
    numpages = {12},
    url = {http://doi.acm.org/10.1145/2647508.2647517},
    doi = {10.1145/2647508.2647517},
    acmid = {2647517},
    publisher = {ACM},
    address = {New York, NY, USA},
    keywords = {Java, JavaScript, Ruby, Truffle, dynamic languages, language implementation, optimization, virtual machine},
} 