
@inproceedings{Bracha2010,
    author    = {Bracha, Gilad and von der Ah{\'e}, Peter and Bykov, Vassili and Kashai, Yaron and Maddox, William and Miranda, Eliot},
    title     = {Modules As Objects in Newspeak},
    booktitle = {Proceedings of the 24th European Conference on Object-oriented Programming},
    series    = {ECOOP'10},
    year      = {2010},
    isbn      = {3-642-14106-4, 978-3-642-14106-5},
    location  = {Maribor, Slovenia},
    pages     = {405--428},
    numpages  = {24},
    url       = {http://dl.acm.org/citation.cfm?id=1883978.1884007},
    acmid     = {1884007},
    publisher = {Springer-Verlag},
    address   = {Berlin, Heidelberg},
}
