
@inproceedings{Oliveira2012,
    author     = {Oliveira, Bruno C. d. S. and Cook, William R.},
    title      = {Extensibility for the Masses: Practical Extensibility with Object Algebras},
    Xbooktitle  = {Proceedings of the 26th European Conference on Object-Oriented Programming},
    series     = {ECOOP'12},
    year       = {2012},
    Xisbn       = {978-3-642-31056-0},
    Xlocation   = {Beijing, China},
    Xpages      = {2--27},
    Xnumpages   = {26},
    Xurl        = {http://dx.doi.org/10.1007/978-3-642-31057-7_2},
    Xdoi        = {10.1007/978-3-642-31057-7_2},
    Xacmid      = {2367167},
    Xpublisher  = {Springer-Verlag},
    Xaddress    = {Berlin, Heidelberg},
} 


@article{Inostroza2015,
    author     = {Inostroza, Pablo and Storm, Tijs van der},
    title      = {Modular Interpreters for the Masses: Implicit Context Propagation Using Object Algebras},
    journal    = {SIGPLAN Not.},
    Xissue_date = {March 2016},
    Xvolume     = {51},
    Xnumber     = {3},
    Xmonth      = oct,
    year       = {2015},
    Xissn       = {0362-1340},
    Xpages      = {171--180},
    Xnumpages   = {10},
    Xurl        = {http://doi.acm.org/10.1145/2936314.2814209},
    Xdoi        = {10.1145/2936314.2814209},
    Xacmid      = {2814209},
    Xpublisher  = {ACM},
    Xaddress    = {New York, NY, USA},
    Xkeywords   = {Modular interpreters, implicit propagation, object algebras},
} 


@inproceedings{WoB2014,
    author     = {W\"{o}\ss, Andreas and Wirth, Christian and Bonetta, Daniele and Seaton, Chris and Humer, Christian and M\"{o}ssenb\"{o}ck, Hanspeter},
    title      = {An Object Storage Model for the Truffle Language Implementation Framework},
    booktitle  = {Proceedings of the 2014 International Conference on Principles and Practices of Programming on the Java Platform: Virtual Machines, Languages, and Tools},
    series     = {PPPJ '14},
    year       = {2014},
    Xisbn       = {978-1-4503-2926-2},
    Xlocation   = {Cracow, Poland},
    Xpages      = {133--144},
    Xnumpages   = {12},
    Xurl        = {http://doi.acm.org/10.1145/2647508.2647517},
    Xdoi        = {10.1145/2647508.2647517},
    Xacmid      = {2647517},
    Xpublisher  = {ACM},
    Xaddress    = {New York, NY, USA},
    Xkeywords   = {Java, JavaScript, Ruby, Truffle, dynamic languages, language implementation, optimization, virtual machine},
} 

