@article{Wurthinger2012,
    author     = {W\"{u}rthinger, Thomas and W\"{o}\ss, Andreas and Stadler, Lukas and Duboscq, Gilles and Simon, Doug and Wimmer, Christian},
    title      = {Self-optimizing AST Interpreters},
    journal    = {SIGPLAN Not.},
    issue_date = {February 2013},
    volume     = {48},
    number     = {2},
    month      = oct,
    year       = {2012},
    issn       = {0362-1340},
    pages      = {73--82},
    numpages   = {10},
    url        = {http://doi.acm.org/10.1145/2480360.2384587},
    doi        = {10.1145/2480360.2384587},
    acmid      = {2384587},
    publisher  = {ACM},
    address    = {New York, NY, USA},
    keywords   = {dynamic languages, java, javascript, language implementation, optimization, virtual machine},
} 